%Books
@book{duncan2013introduction,
  title={An introduction to latent variable growth curve modeling: Concepts, issues, and application},
  author={Duncan, Terry E and Duncan, Susan C and Strycker, Lisa A},
  year={2013},
  publisher={Routledge Academic}
}

@book{kim2013statistical,
  title={Statistical methods for handling incomplete data},
  author={Kim, Jae Kwang and Shao, Jun},
  year={2013},
  publisher={CRC Press}
}

@book{rubin2004multiple,
  title={Multiple Imputation for Nonresponse in Surveys},
  author={Rubin, D.B.},
  isbn={9780471655749},
  lccn={2004556163},
  series={Wiley Classics Library},
  url={https://books.google.com/books?id=bQBtw6rx\_mUC},
  year={2004},
  publisher={Wiley}
}

@book{enders2010applied,
  title={Applied missing data analysis},
  author={Enders, Craig K},
  year={2010},
  publisher={Guilford Press}
}

@book{raghunathan2015missing,
  title={Missing data analysis in practice},
  author={Raghunathan, Trivellore},
  year={2015},
  publisher={CRC Press}
}

@book{shoemaker1973principles,
  title={Principles and procedures of multiple matrix sampling.},
  author={Shoemaker, David M},
  year={1973},
  publisher={Ballinger}
}

@book{little2013longitudinal,
  title={Longitudinal structural equation modeling},
  author={Little, Todd D},
  year={2013},
  publisher={Guilford Press}
}


%Articles
@article{allison2002missing,
  title={Missing data: Quantitative applications in the social sciences},
  author={Allison, Paul D},
  journal={British Journal of Mathematical and Statistical Psychology},
  volume={55},
  number={1},
  pages={193--196},
  year={2002},
  publisher={Wiley Online Library}
}

@article{collins2001comparison,
  title={A comparison of inclusive and restrictive strategies in modern missing data procedures.},
  author={Collins, Linda M and Schafer, Joseph L and Kam, Chi-Ming},
  journal={Psychological methods},
  volume={6},
  number={4},
  pages={330},
  year={2001},
  publisher={American Psychological Association}
}

@article{dempster1977maximum,
  title={Maximum likelihood from incomplete data via the EM algorithm},
  author={Dempster, Arthur P and Laird, Nan M and Rubin, Donald B},
  journal={Journal of the royal statistical society. Series B (methodological)},
  pages={1--38},
  year={1977},
  publisher={JSTOR}
}

@article{gottschall2012comparison,
  title={A comparison of item-level and scale-level multiple imputation for questionnaire batteries},
  author={Gottschall, Amanda C and West, Stephen G and Enders, Craig K},
  journal={Multivariate Behavioral Research},
  volume={47},
  number={1},
  pages={1--25},
  year={2012},
  publisher={Taylor \& Francis}
}

@article{graham1996maximizing,
  title={Maximizing the usefulness of data obtained with planned missing value patterns: An application of maximum likelihood procedures},
  author={Graham, John W and Hofer, Scott M and MacKinnon, David P},
  journal={Multivariate Behavioral Research},
  volume={31},
  number={2},
  pages={197--218},
  year={1996},
  publisher={Taylor \& Francis}
}

  
@article{graham2001planned,
  title={Planned missing-data designs in analysis of change.},
  author={Graham, John W and Taylor, Bonnie J and Cumsille, Patricio E},
  year={2001},
  publisher={American Psychological Association}
}

@article{graham2006planned,
  title={Planned missing data designs in psychological research.},
  author={Graham, John W and Taylor, Bonnie J and Olchowski, Allison E and Cumsille, Patricio E},
  journal={Psychological methods},
  volume={11},
  number={4},
  pages={323},
  year={2006},
  publisher={American Psychological Association}
}

@article{graham2007many,
  title={How many imputations are really needed? Some practical clarifications of multiple imputation theory},
  author={Graham, John W and Olchowski, Allison E and Gilreath, Tamika D},
  journal={Prevention Science},
  volume={8},
  number={3},
  pages={206--213},
  year={2007},
  publisher={Springer}
}

@article{graham2009missing,
  title={Missing data analysis: Making it work in the real world},
  author={Graham, John W},
  journal={Annual review of psychology},
  volume={60},
  pages={549--576},
  year={2009},
  publisher={Annual Reviews}
}

@article{harel2007multiple,
  title={Multiple imputation: review of theory, implementation and software},
  author={Harel, Ofer and Zhou, Xiao-Hua},
  journal={Statistics in medicine},
  volume={26},
  number={16},
  pages={3057--3077},
  year={2007},
  publisher={Wiley Online Library}
}

@article{harel2007inferences,
  title={Inferences on missing information under multiple imputation and two-stage multiple imputation},
  author={Harel, Ofer},
  journal={Statistical Methodology},
  volume={4},
  number={1},
  pages={75--89},
  year={2007},
  publisher={Elsevier}
}

@article{harel2015designed,
  title={Designed missingness to better estimate efficacy of behavioral studies-application to suicide prevention trials},
  author={Harel, Ofer and Stratton, Jeffrey and Aseltine, Robert},
  journal={Journal of Medical Statistics and Informatics},
  volume={3},
  number={1},
  pages={2},
  year={2015},
  publisher={Herbert Publications}
}

@article{andres2006partial,
  title={Partial questionnaire designs, questionnaire non-response, and attributable fraction: applications to adult onset asthma},
  author={Andr{\'e}s Houseman, E and Milton, Donald K},
  journal={Statistics in medicine},
  volume={25},
  number={9},
  pages={1499--1519},
  year={2006},
  publisher={Wiley Online Library}
}

@article{little2013planned,
  title={Planned missing data designs for developmental researchers},
  author={Little, Todd D and Rhemtulla, Mijke},
  journal={Child Development Perspectives},
  volume={7},
  number={4},
  pages={199--204},
  year={2013},
  publisher={Wiley Online Library}
}

@Article{mice2011imputation,
    title = {{mice}: Multivariate Imputation by Chained Equations in R},
    author = {Stef {van Buuren} and Karin Groothuis-Oudshoorn},
    journal = {Journal of Statistical Software},
    year = {2011},
    volume = {45},
    number = {3},
    pages = {1--67},
    url = {http://www.jstatsoft.org/v45/i03/},
  }

@article{kalichman2009prevalence,
  title={Prevalence and clinical implications of interactive toxicity beliefs regarding mixing alcohol and antiretroviral therapies among people living with HIV/AIDS},
  author={Kalichman, Seth C and Amaral, Christina M and White, Denise and Swetsze, Connie and Pope, Howard and Kalichman, Moira O and Cherry, Chauncey and Eaton, Lisa},
  journal={AIDS patient care and STDs},
  volume={23},
  number={6},
  pages={449--454},
  year={2009},
  publisher={Mary Ann Liebert, Inc. 140 Huguenot Street, 3rd Floor New Rochelle, NY 10801 USA}
}

@article{kalichman2012alcohol,
  title={Alcohol and adherence to antiretroviral medications: interactive toxicity beliefs among people living with HIV},
  author={Kalichman, Seth C and Amaral, Christina M and White, Denise and Swetsze, Connie and Kalichman, Moira O and Cherry, Chauncey and Eaton, Lisa},
  journal={Journal of the Association of Nurses in AIDS Care},
  volume={23},
  number={6},
  pages={511--520},
  year={2012},
  publisher={Elsevier}
}

@article{king2001logistic,
  title={Logistic regression in rare events data},
  author={King, Gary and Zeng, Langche},
  journal={Political analysis},
  pages={137--163},
  year={2001},
  publisher={JSTOR}
}

@article{mcardle1997expanding,
  title={Expanding test--retest designs to include developmental time-lag components.},
  author={McArdle, John J and Woodcock, Richard W},
  journal={Psychological Methods},
  volume={2},
  number={4},
  pages={403},
  year={1997},
  publisher={American Psychological Association}
}

@article{pellowski2016alcohol,
  title={Alcohol-antiretroviral therapy interactive toxicity beliefs and daily medication adherence and alcohol use among people living with HIV},
  author={Pellowski, Jennifer A and Kalichman, Seth C and Kalichman, Moira O and Cherry, Chauncey},
  journal={AIDS care},
  volume={28},
  number={8},
  pages={963--970},
  year={2016},
  publisher={Taylor \& Francis}
}

@article{raghunathan1995split,
  title={A split questionnaire survey design},
  author={Raghunathan, Trivellore E and Grizzle, James E},
  journal={Journal of the American Statistical Association},
  volume={90},
  number={429},
  pages={54--63},
  year={1995},
  publisher={Taylor \& Francis Group}
}

@article{rhemtulla2014planned,
  title={Planned missing designs to optimize the efficiency of latent growth parameter estimates},
  author={Rhemtulla, Mijke and Jia, Fan and Wu, Wei and Little, Todd D},
  journal={International Journal of Behavioral Development},
  pages={0165025413514324},
  year={2014},
  publisher={Sage Publications}
}

@article{rhemtulla2016asymptotic,
  title={On the asymptotic relative efficiency of planned missingness designs},
  author={Rhemtulla, Mijke and Savalei, Victoria and Little, Todd D},
  journal={Psychometrika},
  volume={81},
  number={1},
  pages={60--89},
  year={2016},
  publisher={Springer}
}

@article{rubin1976inference,
  title={Inference and missing data},
  author={Rubin, Donald B},
  journal={Biometrika},
  pages={581--592},
  year={1976},
  publisher={JSTOR}
}

@article{rubin1996multiple,
  title={Multiple imputation after 18+ years},
  author={Rubin, Donald B},
  journal={Journal of the American statistical Association},
  volume={91},
  number={434},
  pages={473--489},
  year={1996},
  publisher={Taylor \& Francis}
}


@book{little2014statistical,
  title={Statistical analysis with missing data},
  author={Little, Roderick JA and Rubin, Donald B},
  year={2014},
  publisher={John Wiley \& Sons}
}

@article{saris20048,
  title={8. A New Approach to Evaluating the Quality of Measurement Instruments: The Split-Ballot MTMM Design},
  author={Saris, Willem E and Satorra, Albert and Coenders, Germ{\`a}},
  journal={Sociological Methodology},
  volume={34},
  number={1},
  pages={311--347},
  year={2004},
  publisher={SAGE Publications Sage CA: Los Angeles, CA}
}

@article{silvia2014planned,
  title={Planned missing-data designs in experience-sampling research: Monte Carlo simulations of efficient designs for assessing within-person constructs},
  author={Silvia, Paul J and Kwapil, Thomas R and Walsh, Molly A and Myin-Germeys, Inez},
  journal={Behavior research methods},
  volume={46},
  number={1},
  pages={41--54},
  year={2014},
  publisher={Springer}
}

@article{sirotnik1977incidence,
  title={Incidence sampling: An integrated theory for “matrix sampling”},
  author={Sirotnik, Kenneth and Wellington, Roger},
  journal={Journal of Educational Measurement},
  volume={14},
  number={4},
  pages={343--399},
  year={1977},
  publisher={Wiley Online Library}
}

@article{thomas2006evaluation,
  title={An evaluation of matrix sampling methods using data from the National Health and Nutrition Examination Survey},
  author={Thomas, Neal and Raghunathan, Trivellore E and Schenker, Nathaniel and Katzoff, Myron J and Johnson, Clifford L},
  journal={Survey Methodology},
  volume={32},
  number={2},
  pages={217},
  year={2006}
}

@article{wacholder1994partial,
  title={The partial questionnaire design for case-control studies},
  author={Wacholder, Sholom and Carroll, Raymond J and Pee, David and Gail, Mitchell H},
  journal={Statistics in Medicine},
  volume={13},
  number={5-7},
  pages={623--634},
  year={1994},
  publisher={Wiley Online Library}
}

@article{zeger1997efficient,
  title={Efficient matrix sampling instruments for correlated latent traits: examples from the National Assessment of Educational Progress},
  author={Zeger, Linda M and Thomas, Neal},
  journal={Journal of the American Statistical Association},
  volume={92},
  number={438},
  pages={416--425},
  year={1997},
  publisher={Taylor \& Francis Group}
}